@book{schneider2011english,
  title={English around the world: An introduction},
  author={Schneider, Edgar W},
  year={2011},
  publisher={Cambridge University Press}
}

@book{jenkins2014global,
  title={Global Englishes: A resource book for students},
  author={Jenkins, Jennifer},
  year={2014},
  publisher={Routledge}
}

@book{seargeant2013english,
  title={English in the world: History, diversity, change},
  author={Seargeant, Philip and Swann, Joan},
  year={2013},
  publisher={Routledge}
}

@book{melchers2011world,
  title={World Englishes},
  author={Melchers, Gunnel and Shaw, Philip},
  year={2011},
  publisher={Routledge}
}

@article{davies2015expanding,
  title={Expanding horizons in the study of World Englishes with the 1.9 billion word Global Web-based English Corpus (GloWbE)},
  author={Davies, Mark and Fuchs, Robert},
  journal={English World-Wide},
  volume={36},
  number={1},
  pages={1--28},
  year={2015},
  publisher={John Benjamins}
}